
@inproceedings{DBLP:conf/dars/Alonso-MoraBRBS10,
  author    = {Javier Alonso{-}Mora and
               Andreas Breitenmoser and
               Martin Rufli and
               Paul A. Beardsley and
               Roland Siegwart},
  title     = {Optimal Reciprocal Collision Avoidance for Multiple Non-Holonomic Robots},
  booktitle = {Distributed Autonomous Robotic Systems - The 10th International Symposium,
               {DARS} 2010, Lausanne, Switzerland, November 1-3, 2010},
  pages     = {203--216},
  year      = {2010},
  crossref  = {DBLP:conf/dars/2010},
  url       = {https://doi.org/10.1007/978-3-642-32723-0\_15},
  doi       = {10.1007/978-3-642-32723-0\_15},
  timestamp = {Tue, 23 May 2017 01:06:11 +0200},
  biburl    = {https://dblp.org/rec/bib/conf/dars/Alonso-MoraBRBS10},
  bibsource = {dblp computer science bibliography, https://dblp.org}
}